<?xml version="1.0" encoding="utf-8"?>
<record xmlns="http://www.loc.gov/MARC21/slim" xmlns:xsi="http://www.w3.org/2001/XMLSchema-instance" xsi:schemaLocation="http://www.loc.gov/MARC21/slim http://www.loc.gov/standards/marcxml/schema/MARC21slim.xsd">
	<leader>     nam a22        4500</leader>
	<controlfield tag="001">001729650</controlfield>
	<controlfield tag="003">NNU</controlfield>
	<controlfield tag="006">m        d        </controlfield>
	<controlfield tag="007">cr cn |||m|||a</controlfield>
	<controlfield tag="008">150603s1928    sy      ob    001 0cara d</controlfield>
	<datafield ind1=" " ind2=" " tag="040">
		<subfield code="a">NNU</subfield>
		<subfield code="b">eng</subfield>
		<subfield code="c">NNU</subfield>
	</datafield>
	<datafield ind1=" " ind2="4" tag="050">
		<subfield code="a">BP136.48</subfield>
		<subfield code="b">.D563 1928</subfield>
	</datafield>
	<datafield ind1=" " ind2=" " tag="066">
		<subfield code="c">(3</subfield>
	</datafield>
	<datafield ind1=" " ind2=" " tag="090">
		<subfield code="a">BP136.48</subfield>
		<subfield code="b">.D563 1928</subfield>
	</datafield>
	<datafield ind1="1" ind2=" " tag="100">
		<subfield code="6">880-01</subfield>
		<subfield code="a">Ḥusaynī, Shams al-Dīn Muḥammad ibn ʻAlī,</subfield>
		<subfield code="d">1315-1364.</subfield>
	</datafield>
	<datafield ind1="1" ind2="0" tag="245">
		<subfield code="6">880-02</subfield>
		<subfield code="a">Dhayl tadhkirat al-ḥuffāẓ lil-Dhahabī</subfield>
		<subfield code="h">[electronic resource] /</subfield>
		<subfield code="c">taʼlīf Shams al-Dīn Muḥammadibn ʻAlī. (wa-yalīh) Laḥẓ al-alḥāz bi-dhayl Ṭabaqāt al-ḥuffāẓ / lil-ḥafiẓ Taqī al-Dīn Muḥammad ibn Fahd al-Makkī. (wa-yatlūh) Dhayl Ṭabaqāt al-ḥuffāẓ lil-Dhahabī / lil-ḥāfiẓ Jalāl al-Dīn ʻAbd al-Raḥmān al-Suyūtī.</subfield>
	</datafield>
	<datafield ind1="3" ind2=" " tag="246">
		<subfield code="a">Laḥẓ al-alḥāẓ bi-dhayl Ṭabaqāt al-ḥuffāẓ</subfield>
	</datafield>
	<datafield ind1="3" ind2=" " tag="246">
		<subfield code="a">Dhayl Ṭabaqāt al-ḥuffāẓ lil-Dhahabī</subfield>
	</datafield>
	<datafield ind1=" " ind2=" " tag="260">
		<subfield code="6">880-03</subfield>
		<subfield code="a">Dimashq</subfield>
		<subfield code="b">[Maṭbaʻat al-Ṭawfīq,</subfield>
		<subfield code="c">1347 [1928]</subfield>
	</datafield>
	<datafield ind1=" " ind2=" " tag="300">
		<subfield code="a">online resource (454 p.)</subfield>
	</datafield>
	<datafield ind1=" " ind2=" " tag="500">
		<subfield code="a">Part of the Arabic Collections Online (ACO) project, contributed by New York Univeristy Libraries.</subfield>
	</datafield>
	<datafield ind1=" " ind2=" " tag="504">
		<subfield code="a">Includes bibliographical references and indexes.</subfield>
	</datafield>
	<datafield ind1=" " ind2=" " tag="533">
		<subfield code="a">Electronic reproduction.</subfield>
		<subfield code="b">New York, N.Y. :</subfield>
		<subfield code="c">New York University,</subfield>
		<subfield code="d">2015.</subfield>
		<subfield code="5">NNU</subfield>
	</datafield>
	<datafield ind1=" " ind2="0" tag="650">
		<subfield code="a">Hadith</subfield>
		<subfield code="x">Authorities.</subfield>
	</datafield>
	<datafield ind1="1" ind2=" " tag="700">
		<subfield code="6">880-04</subfield>
		<subfield code="a">Dhahabī, Muḥammad ibn Aḥmad,</subfield>
		<subfield code="d">1274-1348</subfield>
		<subfield code="t">Tadhkirat al-ḥuffāz.</subfield>
	</datafield>
	<datafield ind1="1" ind2=" " tag="700">
		<subfield code="6">880-05</subfield>
		<subfield code="a">Dhahabī, Muḥammad ibn Aḥmad,</subfield>
		<subfield code="d">1274-1348</subfield>
		<subfield code="t">Ṭabaqāt al-ḥuffāẓ.</subfield>
	</datafield>
	<datafield ind1="1" ind2=" " tag="700">
		<subfield code="6">880-06</subfield>
		<subfield code="a">Ibn Fahd, Taqī al-Dīn Muḥammad al-Makhī.</subfield>
		<subfield code="t">Laḥẓ al-alḥāẓ bi-dhayl Ṭabaqāt al-ḥuffāz.</subfield>
		<subfield code="f">1929.</subfield>
	</datafield>
	<datafield ind1="0" ind2=" " tag="700">
		<subfield code="6">880-07</subfield>
		<subfield code="a">Suyūṭī,</subfield>
		<subfield code="d">1445-1505</subfield>
		<subfield code="t">Dhayl Ṭabaqāt al-ḥuffāẓ.</subfield>
		<subfield code="f">1929.</subfield>
	</datafield>
	<datafield ind1="2" ind2=" " tag="710">
		<subfield code="a">New York University.</subfield>
		<subfield code="b">Libraries.</subfield>
	</datafield>
	<datafield ind1="0" ind2=" " tag="730">
		<subfield code="a">Arabic Collections Online.</subfield>
	</datafield>
	<datafield ind1="0" ind2="8" tag="776">
		<subfield code="i">Print version:</subfield>
		<subfield code="a">Ḥusaynī, Shams al-Dīn Muḥammad ibn ʻAlī, 1315-1364.</subfield>
		<subfield code="t">Dhayl tadhkirat al-ḥuffāẓ lil-Dhahabī</subfield>
		<subfield code="w">(NNU)001729650</subfield>
	</datafield>
	<datafield ind1="4" ind2="0" tag="856">
		<subfield code="u">http://hdl.handle.net/2333.1/qbzkh3sd</subfield>
	</datafield>
	<datafield ind1="1" ind2=" " tag="880">
		<subfield code="6">100-01/</subfield>
		<subfield code="a">حسيني، شمس الدين محمد ابن علي،</subfield>
		<subfield code="d">1315-1364.</subfield>
	</datafield>
	<datafield ind1="1" ind2="0" tag="880">
		<subfield code="6">245-02/</subfield>
		<subfield code="a">ذيل تذكرة الحفاظ للذهبي /</subfield>
		<subfield code="c">تأليف شمس الدين محمد ابن علي. ويليه لحظ الالحاظ بذيل طبقات الحفاظ / لتقى الدين محمد بن فهد المكي. ويتلوه ذيل طبقات الحفاظ للذهبي / لجلال الدين عبد الرحمن السيوطي.</subfield>
	</datafield>
	<datafield ind1=" " ind2=" " tag="880">
		<subfield code="6">260-03/</subfield>
		<subfield code="a">دمشق :</subfield>
		<subfield code="b">مطبعة التوفيق،</subfield>
		<subfield code="c">1347 ]1928[</subfield>
	</datafield>
	<datafield ind1="1" ind2=" " tag="880">
		<subfield code="6">700-04/</subfield>
		<subfield code="a">ذهبي، محمد ابن أحمد،</subfield>
		<subfield code="d">1274-1348.</subfield>
		<subfield code="t">تذكرة الحفاظ.</subfield>
	</datafield>
	<datafield ind1="1" ind2=" " tag="880">
		<subfield code="6">700-05/</subfield>
		<subfield code="a">ذهبي، محمد ابن أحمد،</subfield>
		<subfield code="d">1274-1348.</subfield>
		<subfield code="t">طبقات الحفاظ.</subfield>
	</datafield>
	<datafield ind1="1" ind2=" " tag="880">
		<subfield code="6">700-06/</subfield>
		<subfield code="a">ابن فهد، تقى الدين محمدالمكي.</subfield>
		<subfield code="t">لحظ الالحاظ بذيل طبقات الحفاظ.</subfield>
		<subfield code="f">1929.</subfield>
	</datafield>
	<datafield ind1="0" ind2=" " tag="880">
		<subfield code="6">700-07/</subfield>
		<subfield code="a">سيوطي،</subfield>
		<subfield code="d">1445-1505.</subfield>
		<subfield code="t">ذيل طبقات الحفاظ.</subfield>
		<subfield code="f">1929.</subfield>
	</datafield>
	<datafield ind1=" " ind2=" " tag="959">
		<subfield code="a">NNU</subfield>
		<subfield code="b">WEB</subfield>
		<subfield code="c">GENI</subfield>
		<subfield code="t">0</subfield>
		<subfield code="m">Electronic access</subfield>
		<subfield code="s">01</subfield>
	</datafield>
	<datafield ind1=" " ind2=" " tag="999">
		<subfield code="i">NNU_001729650</subfield>
		<subfield code="s">nyu_aco000684</subfield>
		<subfield code="e">(ERROR-880)</subfield>
	</datafield>
</record>
